@misc{oa_firma_nodate,
	title = {Firma online gründen: {Voraussetzungen} \& {Ablauf}},
	shorttitle = {Firma online gründen},
	url = {https://www.lexware.de/wissen/gruendung/firma-online-gruenden/},
	abstract = {Für die Gründung eines Unternehmens musst du normalerweise viel Zeit und Aufwand einplanen. Denn eine Firmengründung geht sowohl…},
	language = {de},
	urldate = {2025-01-07},
	journal = {Lexware},
	author = {o.A.},
	file = {Snapshot:C\:\\Users\\Janis\\Zotero\\storage\\6LN8BNWP\\firma-online-gruenden.html:text/html},
}

@misc{noauthor_gmbh-_nodate,
	title = {{GmbH}- und {UG}-{Gründung}},
	url = {https://www.ihk.de/koeln/hauptnavigation/recht-steuern/checkliste-zur-gmbh-gruendung-merkblatt--5155156},
	abstract = {An alles gedacht? Sieben Dinge, an die Sie bei der Gründung einer GmbH denken sollten.},
	language = {de},
	urldate = {2025-01-10},
	journal = {IHK Köln},
	keywords = {Nils},
	file = {Snapshot:C\:\\Users\\Janis\\Zotero\\storage\\TQNGU9F7\\checkliste-zur-gmbh-gruendung-merkblatt--5155156.html:text/html},
}

@misc{noauthor_gewerbean-_nodate,
	title = {Gewerbean-, -um- und -abmeldungen - {Serviceportal} {Stadt} {Troisdorf}},
	url = {https://onlinedienste.troisdorf.de/detail/-/vr-bis-detail/dienstleistung/614/show},
	urldate = {2025-01-10},
	keywords = {Nils},
	file = {Gewerbean-, -um- und -abmeldungen - Serviceportal Stadt Troisdorf:C\:\\Users\\Janis\\Zotero\\storage\\RFERADXH\\show.html:text/html},
}

@misc{noauthor_online-einreichung_nodate,
	title = {Online-{Einreichung} {\textbar} epo.org},
	url = {https://www.epo.org/de/applying/myepo-services/file-with-us/online-filing},
	urldate = {2025-01-10},
	file = {Online-Einreichung | epo.org:C\:\\Users\\Janis\\Zotero\\storage\\NDCR43YJ\\online-filing.html:text/html},
}

@misc{noauthor_dpma_nodate,
	title = {{DPMA} {\textbar} {Elektronische} {Anmeldung}},
	url = {https://www.dpma.de/service/elektronische_anmeldung/index.html},
	abstract = {Schutzrechte elektronisch anmelden - Weitere elektronische Anmeldesysteme - Achtung: Potentielle Staatsgeheimnisse nicht elektronisch anmelden},
	language = {de},
	urldate = {2025-01-10},
	journal = {Deutsches Patent- und Markenamt},
	file = {Snapshot:C\:\\Users\\Janis\\Zotero\\storage\\9G4AETFR\\index.html:text/html},
}

@misc{noauthor_digitale_nodate,
	title = {Digitale {Services} für {Gründende} ({This} content is only available in {German}.)},
	url = {https://www.xn--grnden-4ya.nrw/en/beratung-und-foerderung/digitale-services-fuer-gruendende},
	abstract = {Gewerbeanzeigen rund um die Uhr und von überall aus durchführen: Erledigen Sie Ihre Behördengänge mit dem Wirtschafts-Service-Portal NRW komplett digital. Mit unterschiedlichen Datenbanken erhalten sie zudem digital den Überblick in der breiten Landschaft an Fördermöglichkeiten.},
	language = {en},
	urldate = {2025-01-10},
	file = {Snapshot:C\:\\Users\\Janis\\Zotero\\storage\\2C66275F\\digitale-services-fuer-gruendende.html:text/html},
}

@misc{noauthor_digitale_nodate-1,
	title = {Digitale {Verwaltung} für {Gründerinnen} und {Gründer}},
	url = {https://www.rkw-kompetenzzentrum.de/gruendung/gruendungskultur/gruendung-digital/},
	abstract = {Digitale Verwaltung hilft Ihnen, die Attraktivität Ihrer Kommune als Wirtschaftsstandort zu steigern. Wir unterstützen Sie dabei!},
	language = {de-DE},
	urldate = {2025-01-10},
	journal = {RKW Kompetenzzentrum},
	file = {Snapshot:C\:\\Users\\Janis\\Zotero\\storage\\NE4DL42J\\gruendung-digital.html:text/html},
}

@misc{noauthor_muk_nodate,
	title = {{MUK} {Self} {Service} {Portal}},
	url = {https://service.mein-unternehmenskonto.de/},
	urldate = {2025-01-10},
	file = {MUK Self Service Portal:C\:\\Users\\Janis\\Zotero\\storage\\C467L4LU\\service.mein-unternehmenskonto.de.html:text/html},
}

@misc{noauthor_behorden_nodate,
	title = {Behörden},
	url = {https://www.existenzgruendungsportal.de/Navigation/DE/Gruendungswissen/Behoerden/behoerden.html},
	abstract = {Von Gewerbeamt über Finanzamt bis hin zu IHK und HWK: Wichtige Behörden und Institutionen für Ihre Gründung auf einen Blick.},
	language = {de},
	urldate = {2025-01-10},
	file = {Snapshot:C\:\\Users\\Janis\\Zotero\\storage\\BDMJWGKQ\\behoerden.html:text/html},
}

@misc{noauthor_behordenwegweiser_nodate,
	title = {Der {Behördenwegweiser} - {Alle} wichtigen Ämter auf einen {Blick}},
	url = {https://gruenderplattform.de/behoerdenwegweiser},
	abstract = {Ämter im Telefonbuch suchen war gestern. Wir zeigen dir welche Ämter für dich zuständig sind, wann sie offen haben und bei wem du dich melden kannst. Alles an einem Ort. Alles mit einem Klick.},
	language = {de},
	urldate = {2025-01-10},
	file = {Snapshot:C\:\\Users\\Janis\\Zotero\\storage\\LET67FVX\\behoerdenwegweiser.html:text/html},
}

@misc{noauthor_versicherungen_nodate,
	title = {Versicherungen},
	url = {https://www.existenzgruendungsportal.de/Navigation/DE/So-gehts/Versicherungen/versicherungen.html},
	abstract = {Wer selbstständig ist, braucht verschiedene Versicherungen. Erfahren Sie hier, welche Versicherungen in Deutschland Pflicht sind.},
	language = {de},
	urldate = {2025-01-10},
}

@misc{noauthor_unternehmensanmeldung_nodate,
	title = {Unternehmensanmeldung},
	url = {https://www.existenzgruendungsportal.de/Navigation/DE/So-gehts/Unternehmensanmeldung/unternehmensanmeldung.html},
	abstract = {Wie eine Gewerbeanmeldung abläuft und was Freiberuflerinnen und Freiberufler beachten müssen.},
	language = {de},
	urldate = {2025-01-10},
}

@misc{noauthor_notarielle_nodate,
	title = {Notarielle {Online}-{Verfahren}},
	url = {https://online.notar.de/},
	abstract = {Welche Vorhaben kann ich online beurkunden lassen? Wie läuft das Verfahren ab und welche Voraussetzungen müssen erfüllt sein? Mehr erfahren!},
	language = {de},
	urldate = {2025-01-10},
	file = {Snapshot:C\:\\Users\\Janis\\Zotero\\storage\\S2PGVYRW\\online.notar.de.html:text/html},
}

@misc{noauthor_handelsregister_nodate,
	title = {Handelsregister: {Infos} zur {Online}-{Eintragung} {\textbar} {IHK} {München}},
	shorttitle = {Handelsregister},
	url = {https://www.ihk-muenchen.de/de/Service/Recht-und-Steuern/Gesellschaftsrecht/Digitalisierung-im-Gesellschaftsrecht/},
	abstract = {Ohne Notar ins Handelsregister? Das ist für GmbHs und UGs (haftungsbeschränkt) jetzt elektronisch möglich – erfahren Sie mer {\textbar} IHK München},
	language = {de},
	urldate = {2025-01-10},
	file = {Snapshot:C\:\\Users\\Janis\\Zotero\\storage\\I9ZUVASN\\Digitalisierung-im-Gesellschaftsrecht.html:text/html},
}

@misc{noauthor_business-registration_nodate,
	title = {business-registration},
	url = {https://service.wirtschaft.nrw/unternehmensgruendung/gewerbe-anmelden-online/},
	abstract = {business-registration},
	language = {de},
	urldate = {2025-01-10},
	file = {Snapshot:C\:\\Users\\Janis\\Zotero\\storage\\H97UT4KX\\gewerbe-anmelden-online.html:text/html},
}

@misc{noauthor_elster_nodate,
	title = {{ELSTER} - {Unternehmen} gegründet oder selbständig gemacht?},
	url = {https://www.elster.de/elsterweb/infoseite/unternehmensgruendung},
	urldate = {2025-01-10},
	file = {ELSTER - Unternehmen gegründet oder selbständig gemacht?:C\:\\Users\\Janis\\Zotero\\storage\\NT4VLIDK\\unternehmensgruendung.html:text/html},
}

@book{wohlrabe_burokratie_2024,
	title = {Bürokratie als {Wachstumsbremse}: {Bestandsaufnahme} und {Reformansätze}. {Jahresmonitor} der {Stiftung} {Familienunternehmen}},
	copyright = {https://www.econstor.eu/dspace/Nutzungsbedingungen},
	isbn = {978-3-948850-52-4},
	shorttitle = {Bürokratie als {Wachstumsbremse}},
	url = {https://www.econstor.eu/handle/10419/307986},
	abstract = {Wie ist das Verhältnis der Unternehmen zur öffentlichen Verwaltung in Deutschland? Für den "Jahresmonitor" hat das ifo Institut dazu fast 1800 Unternehmen befragt, davon rund 1400 Familienunternehmen verschiedenster Größe und Branchen. 57 Familienunternehmen in der Umfrage gehören den so genannten Top 500 an, haben also mindestens 2000 Mitarbeiter. Die 57 repräsentieren ein Umsatzvolumen von rund 92 Milliarden Euro und ein Personal von rund 400.000 Personen. Die Umfrage zeigt nicht nur, dass 90,8 Prozent der befragten Unternehmen eine Zunahme der bürokratischen Belastung seit 2022 feststellen. Sie unterstreicht auch die Bedeutung der Digitalisierung als Schlüssel zur Reduzierung bürokratischer Lasten. Unternehmen wünschen sich, mehr Verwaltungswege online abzuwickeln. Hilfreich wäre auch ein optimierter Datenaustausch zwischen den verschiedenen Verwaltungsebenen. Nur 5 Prozent der befragten Unternehmen geben an, dass sie mehr als 80 Prozent ihrer bürokratischen Anforderungen digital erledigen können. Ein besorgniserregender Aspekt, der in der Umfrage thematisiert wurde, ist die Auswirkung der Bürokratie auf Investitionsentscheidungen. Viele Unternehmen geben an, geplante Investitionen aufgrund bürokratischer Anforderungen zurückzustellen - in den vergangenen zwei Jahren waren es 45,6 Prozent der teilnehmenden Firmen, während 38,5 Prozent dies auch für die kommenden zwei Jahre erwarten.},
	language = {ger},
	urldate = {2025-01-10},
	publisher = {München: Stiftung Familienunternehmen},
	author = {Wohlrabe, Klaus and Licht, Thomas and von Maltzan, Annette},
	year = {2024},
	file = {Full Text PDF:C\:\\Users\\Janis\\Zotero\\storage\\342HWGNY\\Wohlrabe et al. - 2024 - Bürokratie als Wachstumsbremse Bestandsaufnahme und Reformansätze. Jahresmonitor der Stiftung Famil.pdf:application/pdf},
}

@article{vetterli_innovationsmethode_2012,
	title = {Die {Innovationsmethode} {Design} {Thinking}},
	url = {https://www.alexandria.unisg.ch/handle/20.500.14171/92970},
	abstract = {No description available},
	language = {de},
	urldate = {2025-01-10},
	author = {Vetterli, Christophe and Brenner, Walter and Uebernickel, Falk and Berger, Katharina},
	year = {2012},
	note = {Publisher: Symposion Publishing},
	pages = {289--310},
	file = {PDF:C\:\\Users\\Janis\\Zotero\\storage\\T6F5Y6VM\\Vetterli et al. - 2012 - Die Innovationsmethode Design Thinking.pdf:application/pdf},
}

@article{noauthor_-_2007,
	title = {- {MARKENRECHT}: {Markenrecherche} im {Internet} beugt {spÃ}¤teren {Rechtsstreitigkeiten} vor {Change}-{Manager}-{Studiengang} an der {FHDW} in {Hannover}: - {MARKENRECHT}},
	issn = {0341-5775},
	shorttitle = {- {MARKENRECHT}},
	url = {https://www.wiso-net.de/document/MAMA__100807024},
	abstract = {FÃ¼r Unternehmer ist es extrem schwierig, sicher Ã¼ber markenrechtlich vermintes Terrain zu navigieren. Das wissen auch die GrÃ¼nder der Tulex GmbH und bieten LÃ¶sungen an. Das DÃ¼sseldorfer Unternehmen hat die weltweit erste Online-Markenrecherche entwickelt und auf den Markt gebracht. Denn was viele nicht wissen: Schon eine vage Ã„hnlichkeit des eigenen Firmen-, Produkt- oder Domainnamens mit einem bestehenden Markennamen kann einen ausgewachsenen Rechtsstreit einlÃ¤uten.},
	number = {41 Markenrecherche im Internet beugt spÃ¤teren Rechtsstreitigkeiten vor Change-Manager-Studiengang an der FHDW in Hannover},
	urldate = {2025-01-09},
	journal = {MM MaschinenMarkt},
	month = oct,
	year = {2007},
	keywords = {Nils},
	pages = {50},
	annote = {Für Begründung warum richtige Recherche vor Markenreistrierung relevant ist
},
}

@misc{noauthor_dpma_nodate-1,
	title = {{DPMA} {\textbar} {Anmeldung}},
	url = {https://www.dpma.de/marken/anmeldung/index.html},
	abstract = {Anmeldung - Drei Wege zur Markenanmeldung - Wichtiger Hinweis: Längere Bearbeitungszeiten in Markenverfahren - Achten Sie auf Formales - Im Video: Tipps für Ihre Markenanmeldung - Sara Bührer und Dr. Thomas Huber},
	language = {de},
	urldate = {2025-01-09},
	journal = {Deutsches Patent- und Markenamt},
	keywords = {Nils},
	annote = {Für Erklärung Markeregistrierungsprozess
},
	file = {Snapshot:C\:\\Users\\Janis\\Zotero\\storage\\SKIKJH4A\\index.html:text/html},
}

@misc{noauthor_transformation_nodate,
	title = {Transformation (Änderung) einer {UG} in eine {Voll}-{GmbH}: {Ein} {Leitfaden}},
	shorttitle = {Transformation (Änderung) einer {UG} in eine {Voll}-{GmbH}},
	url = {https://www.frankfurt-main.ihk.de/hauptnavigation/gruendung-und-foerderung/rechtsinformationen-fuer-gruender/neuer-inhalt-6168262},
	abstract = {Eine Unternehmergesellschaft (haftungsbeschränkt) (UG) ist eine besondere Form der Kapitalgesellschaft bzw. von GmbH, die oft auch als \&quot;Mini-GmbH\&quot; bezeichnet wird. Diese Art von Gesellschaft bietet Unternehmern die Möglichkeit, bereits mit einem sehr geringen Stammkapital eine haftungsbeschränkte Gesellschaft zu gründen. Gesellschafter einer UG sind verpflichtet, 25 \% des jährlichen Gewinns als Rücklage zu behalten, um das Eigenkapital der Gesellschaft zu stärken.},
	language = {de},
	urldate = {2025-01-09},
	journal = {IHK Frankfurt am Main},
	keywords = {Nils},
	annote = {Für die Argumentation warum die Funktionalität der Vertragsd- und Protokollverwaltung.

},
	file = {Snapshot:C\:\\Users\\Janis\\Zotero\\storage\\HF79BZ2V\\neuer-inhalt-6168262.html:text/html},
}

@misc{noauthor_dpma_nodate-2,
	title = {{DPMA} {\textbar} {Markenschutz}},
	url = {https://www.dpma.de/marken/markenschutz/index.html},
	abstract = {Markenschutz - Was ist eine Marke? - Neues Erklärvideo Was ist eine Marke?  - Schutzfähigkeit - Fehlende Unterscheidungskraft des Zeichens, § 8 II Nr. 1 MarkenG - Produktbeschreibende Zeichen, § 8 II Nr. 2 MarkenG - Verstoß des Zeichens gegen die guten Sitten oder die öffentliche Ordnung, § 8 II Nr. 5 MarkenG - Bösgläubigkeit der Anmeldung, § 8 II Nr. 14 MarkenG - Folgen der Markeneintragung  - Alleiniges Nutzungsrecht an einer Registermarke... - ...aber auch Benutzungsverpflichtung - Konvergenzprojekte innerhalb der Europäischen Union - Weitere Informationen},
	language = {de},
	urldate = {2025-01-09},
	journal = {Deutsches Patent- und Markenamt},
	keywords = {Nils},
	annote = {Für Erklärung Markeregistrierungsprozess
},
	file = {Snapshot:C\:\\Users\\Janis\\Zotero\\storage\\CWXTXFVN\\index.html:text/html},
}